@ARTICLE{1,
  author = {Kedar Joshi and Sushil Kumar},
  title = {Matchmaking using Fuzzy Analytical Hierarchy Process, Compatibility Measure and Stable Matching for Online Matrimony in India
 },
  journal = {Multi-Crit. Decis. Anal},
  year = {2012},
  volume = {19},
  pages = {56 - 66},
  owner = {akhilesh},
  timestamp = {2017.09.6}
}

@ARTICLE{2,
  author = {Sampath.M.K, Nithya.C, Mohana Priya.R},
  title = {Enhancing Recommender System for Matrimonial Sites using Collaborative Filtering Method},
  journal = {IJCSEC},
  year = {2015},
  volume = {3},
  pages = {835-83},
 owner = {akhilesh},
  timestamp = {2017.09.6}
}

@ARTICLE{3,
  author = {Smita Khavate, Mrs.M.A.Potey},
  title = {Partial fuzzy recommender system for Indian matrimony},
  owner = {akhilesh},
  timestamp = {2017.09.6}
  }

@ARTICLE{4,
  author = {G. Adomavicius and A. Tuzhilin},
  title = {Toward the next generation of recommender systems: A survey of the state-of-the-art and possible extensions},
  journal = {IEEE Trans. Knowl. Data Eng},
  year = {2005},
  volume = {17},
  pages = {734 - 749},
  owner = {akhilesh},
  timestamp = {2017.09.6}
}

@BOOK{5,
  title = {Recommender Systems Handbook},
  publisher = {Springer},
  year = {2011},
  editor = {P. B. Kantor},
  author = {F. Ricci, L. Rokach, B. Shapira, },
  owner = {akhilesh},
  timestamp = {2017.09.6}
  }
  
@ARTICLE{6,
  author = {M. D. Ekstrand, J. Riedl, and J. A. Konstan},
  title = {Collaborative filtering recommender systems,Foundations and Trends in Human-Computer Interaction},
  year = {2011},
  volume = {4},
  pages = {175-243},
  owner = {akhilesh},
  timestamp = {2017.09.6}
}

@ARTICLE{7,
  author = {L. A. S. Pizzato, T. Rej, T. Chung, I. Koprinska, and J. Kay},
  title = {Recon: a reciprocal recommender for online dating},
  year = {2010},
  volume = {1},
  pages = {207 - 214},
  owner = {akhilesh},
  timestamp = {2017.09.6}
}

@ARTICLE{8,
  author = {J. A. Konstan and J. Riedl},
  title = {Recommender systems: from algorithms to user experience},
  journal ={User Model. User-Adapt. Interact}
  year = {2012},
  volume = {22},
  pages = {101-123},
   number = {1-2}
  owner = {ram},
  timestamp = {2017.09.6}
}

@ARTICLE{9,
  author = {Mukund Deshpande and George Karypis},
  title = {Item-based top-n recommendation algo-
rithms},
  journal = {ACM Trans. Inf. Syst},
  year = {2004},
  volume = {22},
  pages = {143 - 177},
  number = {1},
  owner = {akhilesh},
  timestamp = {2017.09.6}
 
}

@ARTICLE{10,
  author = {L. Brozovsky and V. Petricek},
  title = {Recommender system for online dating service in Proceedings of Znalosti},
  journal = {2007 Conference, Ostrava},
  year = {2007},
  owner = {akhilesh},
  timestamp = {2017.09.6}
  }
  
  @BOOK{11,
  title = {Meet: a generalized framework for reciprocal recommender systems.},
  publisher = {CIKM},
  year = {2012},
  editor = {X. wen Chen, G. Lebanon, H. Wang,
and M. J. Zaki},
  author = {L. Li and T. Li },
  pages = {35-44},
  owner = {akhilesh},
  timestamp = {2017.09.6}
  }

@ARTICLE{12,
  author =  {J. Akehurst, I. Koprinska, K. Yacef, L. Pizzato, J. Kay and T. Rej},
  title = {A hybrid content-collaborative reciprocal recommender for online dating.}
  owner = {akhilesh},
  timestamp = {2017.09.6}
}

@ARTICLE{13,
  author = {L. Terveen and D. W. McDonald},
  title = {Social matching: A framework and
research agenda},
  journal = {ACM Trans. Comput.-Hum. Interact},
  year = {2005},
  volume = {12},
  number = {3},
  owner = {akhilesh},
  timestamp = {2017.09.6}
}

@CONFERENCE{14,
  author = {R. Nayak, M. Zhang, and L. Chen},
  title = {A social matching system for an
online dating network: A preliminary study},
  booktitle = {Computer communication International Council for Computer Communication},
  year = {2010},
  pages = {352-357},
  journal = {IEEE International Conference on Data Mining Workshops, ICDMW'10,Washington DC, USA},
  owner = {akhilesh},
  timestamp = {2017.09.6}
}

@ARTICLE{15,
  author = {A. T. Fiore, L. S. Taylor, X. Zhong, G. A. Mendelsohn, and C. Cheshire},
  title = {Who's right and who writes: People, profiles, contacts, and replies in online dating.},
  journal = {HlCSS, IEEE Computer Society},
  year = {2010},
  volume = {8},
  pages = {1- 10},
   owner = {akhilesh},
  timestamp = {2017.09.6}
}

@BOOK{edtr10,
  title = {Neural Networks, Fuzzy Logic and Genetic Algorithms: Synthesis and
	Applications},
  publisher = {PHI Learning Pvt. Ltd.},
  year = {2009},
  author = {S. Rajasekaran and G. A. Vijayalakshmi Pai},
  owner = {ram},
  timestamp = {2011.09.26}
}

@ARTICLE{edtr8,
  author = {Rajiv Kumar Sharma, Dinesh Kumar and Pradeep Kumar},
  title = {METHODOLOGY AND THEORY {FLM} to select suitable maintenance strategy
	in process industries using {MISO} model},
  journal = {Journal of Quality in Maintenance Engineering},
  year = {2005},
  volume = {11},
  pages = {359 - 374},
  owner = {ram},
  timestamp = {2011.09.26}
}

@CONFERENCE{edtr13,
  author = {S. Rea and D. Pesch},
  title = {Multi-metric routing decisions for ad hoc networks using fuzzy logic},
  booktitle = {Wireless Communication Systems},
  year = {2004},
  pages = {403-407},
  journal = {Proc. of 1st Intl. Symposium on Wireless Communication Systems, Mauritius},
  owner = {ram},
  timestamp = {2011.09.26}
}

@BOOK{Ross1995,
  title = {Fuzzy Logic with Engineering Applications},
  publisher = {McGraw-Hill},
  year = {1995},
  author = {Ross, T.},
  owner = {ram},
  timestamp = {2011.09.27}
}

@BOOK{edtr5,
  title = {Fuzzy control of queuing systems},
  publisher = {Springer},
  year = {2004},
  author = {Runtong Zhang, Yannis A. Phillis and Vassilis S. Kouikoglou},
  owner = {ram},
  timestamp = {2011.09.26}
}

@ARTICLE{Sheu1999,
  author = {S. T.Sheu and M. H.Chen},
  title = {A fuzzy bandwidth allocation controller to support real-time traffic
	over wireless network},
  journal = {Proc. of IEEE Wireless Communications and Networking Conference},
  year = {1999},
  volume = {1},
  pages = {1348-1352},
  owner = {ram},
  timestamp = {2011.09.27}
}

@CONFERENCE{edtr1,
  author = {Mie Mie Thaw},
  title = {Fuzzy-based Multi-constrained Quality of Service Distance Vector
	Routing Protocol in Mobile Ad-hoc Networks},
  booktitle = {Computer and Automation Engineering (ICCAE)},
  year = {2010},
  volume = {3},
  pages = {429 - 433},
  journal = {IEEE},
  owner = {ram},
  timestamp = {2011.09.26}
}

@BOOK{Tsoukalas1997,
  title = {Fuzzy and Neural Applications in Engineering},
  publisher = {Wiley},
  year = {1997},
  author = {Tsoukalas, L. and Uhrig, R.},
  owner = {ram},
  timestamp = {2011.09.27}
}

@ARTICLE{edtr14,
  author = {Vikram Kanodia, Chengzhi Li, Ashutosh Sabharwal, Bahareh Sadeghi
	and Edward Knightly},
  title = {Distributed priority scheduling and medium access in ad hoc networks},
  journal = {Wireless Networks},
  year = {2002},
  volume = {8},
  pages = {455-466},
  owner = {ram},
  timestamp = {2011.09.26}
}

@ARTICLE{edtr20,
  author = {Lotfi A. Zadeh},
  title = {Fuzzy sets},
  journal = {Information and Control},
  year = {1965},
  volume = {8},
  pages = {338 - 353},
  number = {3},
  doi = {10.1016/S0019-9958(65)90241-X},
  issn = {0019-9958},
  url = {http://www.sciencedirect.com/science/article/pii/S001999586590241X}
}

@BOOK{Zimmermann1996,
  title = {Fuzzy Set Theory and its Applications},
  publisher = {Kluwer Academic Publishers, London},
  year = {1996},
  author = {Zimmermann, H.},
  edition = {3},
  owner = {ram},
  timestamp = {2011.09.27}
}

@comment{jabref-meta: selector_publisher:}

@comment{jabref-meta: selector_author:}

@comment{jabref-meta: selector_journal:}

@comment{jabref-meta: selector_keywords:}

